<?xml version="1.0" encoding="UTF-8"?><record xmlns="http://www.loc.gov/MARC21/slim" xmlns:cinclude="http://apache.org/cocoon/include/1.0" xmlns:zs="http://www.loc.gov/zing/srw/">
  <leader>00565nz  a2200169n  4500</leader>
  <controlfield tag="001">n 2012039294</controlfield>
  <controlfield tag="003">DLC</controlfield>
  <controlfield tag="005">20120614074816.0</controlfield>
  <controlfield tag="008">120613n| acannaabn          |a ana      </controlfield>
  <datafield tag="010" ind1=" " ind2=" ">
    <subfield code="a">n 2012039294</subfield>
  </datafield>
  <datafield tag="040" ind1=" " ind2=" ">
    <subfield code="a">DLC</subfield>
    <subfield code="b">eng</subfield>
    <subfield code="c">DLC</subfield>
  </datafield>
  <datafield tag="110" ind1="2" ind2=" ">
    <subfield code="a">Sopocki Klub Tenisowy</subfield>
  </datafield>
  <datafield tag="410" ind1="2" ind2=" ">
    <subfield code="a">SKT</subfield>
  </datafield>
  <datafield tag="410" ind1="2" ind2=" ">
    <subfield code="a">Zoppoter Lawn Tennis Klub</subfield>
  </datafield>
  <datafield tag="410" ind1="2" ind2=" ">
    <subfield code="a">Zoppoter Tennisklub</subfield>
  </datafield>
  <datafield tag="410" ind1="2" ind2=" ">
    <subfield code="a">ZLTK</subfield>
  </datafield>
  <datafield tag="670" ind1=" " ind2=" ">
    <subfield code="a">Zapiski stuletniej przeszĹoĚsci, 1998:</subfield>
    <subfield code="b">club logo from cover (Sopocki Klub Tenisowy; founded 1897) text (SKT; Zoppoter Lawn Tennis Klub; ZLTK; Zoppoter Tennisklub [no publs. in LC])</subfield>
  </datafield>
</record>